@misc{visualvm,
	author = {{SUN/ORACLE}},
	title = {{VisualVm Reference Documentation}},
	note = "Online, available at: \url{http://docs.oracle.com/javase/7/docs/technotes/guides/visualvm/} -- Last Retrieved: November 09, 2013"
}
@misc{jconsole,
	author = {{SUN/ORACLE}},
	title = {{JConsole Reference Documentation}},
	note = "Online, available at: \url{http://docs.oracle.com/javase/6/docs/technotes/guides/management/jconsole.html} -- Last Retrieved: November 09, 2013"
}

